@article{souzy2020velocity,
  title={Velocity distributions, dispersion and stretching in three-dimensional porous media},
  author={Souzy, Mathieu and Lhuissier, Henri and M{\'e}heust, Yves and Le Borgne, Tanguy and Metzger, Bloen},
  journal={Journal of Fluid Mechanics},
  volume={891},
  year={2020},
  publisher={Cambridge University Press}
}